<?xml version="1.0" encoding="UTF-8"?>
<marc:collection xmlns:marc="http://www.loc.gov/MARC21/slim" xmlns:xsi="http://www.w3.org/2001/XMLSchema-instance" xsi:schemaLocation="http://www.loc.gov/MARC21/slim http://www.loc.gov/standards/marcxml/schema/MARC21slim.xsd">
    <marc:record>
        <marc:leader>01930cas a2200421Ii 4500</marc:leader>
        <marc:controlfield tag="001">202799094</marc:controlfield>
        <marc:controlfield tag="003">SiSiNL</marc:controlfield>
        <marc:controlfield tag="005">20240815161709.0</marc:controlfield>
        <marc:controlfield tag="008">140519c20139999cc ar         0    0chi d</marc:controlfield>
        <marc:datafield tag="020" ind1=" " ind2=" ">
            <marc:subfield code="a">9787509797419 (hardback)</marc:subfield>
        </marc:datafield>
        <marc:datafield tag="035" ind1=" " ind2=" ">
            <marc:subfield code="a">(OCoLC)880223951</marc:subfield>
        </marc:datafield>
        <marc:datafield tag="040" ind1=" " ind2=" ">
            <marc:subfield code="a">HUA</marc:subfield>
            <marc:subfield code="b">eng</marc:subfield>
            <marc:subfield code="e">rda</marc:subfield>
            <marc:subfield code="c">HUA</marc:subfield>
            <marc:subfield code="d">OCLCF</marc:subfield>
            <marc:subfield code="d">HUA</marc:subfield>
            <marc:subfield code="d">OCL</marc:subfield>
        </marc:datafield>
        <marc:datafield tag="043" ind1=" " ind2=" ">
            <marc:subfield code="a">a-cc-ho</marc:subfield>
        </marc:datafield>
        <marc:datafield tag="082" ind1="0" ind2="4">
            <marc:subfield code="a">338.95118</marc:subfield>
            <marc:subfield code="2">23</marc:subfield>
        </marc:datafield>
        <marc:datafield tag="245" ind1="0" ind2="0">
            <marc:subfield code="6">880-01</marc:subfield>
            <marc:subfield code="a">Zhong yuan jing ji qu fa zhan zhi shu yan jiu bao gao.</marc:subfield>
        </marc:datafield>
        <marc:datafield tag="264" ind1=" " ind2="1">
            <marc:subfield code="6">880-02</marc:subfield>
            <marc:subfield code="3">2013</marc:subfield>
            <marc:subfield code="a">Beijing Shi :</marc:subfield>
            <marc:subfield code="b">Ren min chu ban she,</marc:subfield>
            <marc:subfield code="c">2013-</marc:subfield>
        </marc:datafield>
        <marc:datafield tag="264" ind1="3" ind2="1">
            <marc:subfield code="6">880-03</marc:subfield>
            <marc:subfield code="3">2016- :</marc:subfield>
            <marc:subfield code="a">Beijing Shi :</marc:subfield>
            <marc:subfield code="b">She hui ke xue wen xian chu ban she</marc:subfield>
        </marc:datafield>
        <marc:datafield tag="300" ind1=" " ind2=" ">
            <marc:subfield code="a">volumes :</marc:subfield>
            <marc:subfield code="b">illustrations ;</marc:subfield>
            <marc:subfield code="c">27 cm</marc:subfield>
        </marc:datafield>
        <marc:datafield tag="310" ind1=" " ind2=" ">
            <marc:subfield code="a">Annual</marc:subfield>
        </marc:datafield>
        <marc:datafield tag="336" ind1=" " ind2=" ">
            <marc:subfield code="a">text</marc:subfield>
            <marc:subfield code="2">rdacontent</marc:subfield>
            <marc:subfield code="0">http://id.loc.gov/vocabulary/contentTypes/txt</marc:subfield>
        </marc:datafield>
        <marc:datafield tag="337" ind1=" " ind2=" ">
            <marc:subfield code="a">unmediated</marc:subfield>
            <marc:subfield code="2">rdamedia</marc:subfield>
            <marc:subfield code="0">http://id.loc.gov/vocabulary/mediaTypes/n</marc:subfield>
        </marc:datafield>
        <marc:datafield tag="338" ind1=" " ind2=" ">
            <marc:subfield code="a">volume</marc:subfield>
            <marc:subfield code="2">rdacarrier</marc:subfield>
            <marc:subfield code="0">http://id.loc.gov/vocabulary/carriers/nc</marc:subfield>
        </marc:datafield>
        <marc:datafield tag="362" ind1="1" ind2=" ">
            <marc:subfield code="a">Began with 2013.</marc:subfield>
        </marc:datafield>
        <marc:datafield tag="490" ind1="1" ind2=" ">
            <marc:subfield code="6">880-04</marc:subfield>
            <marc:subfield code="3">2016- :</marc:subfield>
            <marc:subfield code="a">Zhong yuan fa zhan yan jiu yuan zhi ku cong shu</marc:subfield>
        </marc:datafield>
        <marc:datafield tag="588" ind1=" " ind2=" ">
            <marc:subfield code="a">Description based on: 2013; title from title page.</marc:subfield>
        </marc:datafield>
        <marc:datafield tag="588" ind1=" " ind2=" ">
            <marc:subfield code="a">Latest issue consulted: 2016.</marc:subfield>
        </marc:datafield>
        <marc:datafield tag="650" ind1=" " ind2="0">
            <marc:subfield code="a">Economic development</marc:subfield>
            <marc:subfield code="z">China</marc:subfield>
            <marc:subfield code="z">Henan Sheng</marc:subfield>
            <marc:subfield code="v">Periodicals.</marc:subfield>
        </marc:datafield>
        <marc:datafield tag="651" ind1=" " ind2="0">
            <marc:subfield code="a">Henan Sheng (China)</marc:subfield>
            <marc:subfield code="x">Economic conditions</marc:subfield>
            <marc:subfield code="y">21st century</marc:subfield>
            <marc:subfield code="v">Periodicals.</marc:subfield>
        </marc:datafield>
        <marc:datafield tag="830" ind1=" " ind2="0">
            <marc:subfield code="6">880-05</marc:subfield>
            <marc:subfield code="a">Zhong yuan fa zhan yan jiu yuan zhi ku cong shu.</marc:subfield>
        </marc:datafield>
        <marc:datafield tag="880" ind1="0" ind2="0">
            <marc:subfield code="6">245-01</marc:subfield>
            <marc:subfield code="a">中原经济区发展指数研究报告.</marc:subfield>
        </marc:datafield>
        <marc:datafield tag="880" ind1=" " ind2="1">
            <marc:subfield code="6">264-02</marc:subfield>
            <marc:subfield code="3">2013</marc:subfield>
            <marc:subfield code="a">北京市✹ :</marc:subfield>
            <marc:subfield code="b">人民出版社,</marc:subfield>
            <marc:subfield code="c">2013-</marc:subfield>
        </marc:datafield>
        <marc:datafield tag="880" ind1="3" ind2="1">
            <marc:subfield code="6">264-03</marc:subfield>
            <marc:subfield code="3">2016- :</marc:subfield>
            <marc:subfield code="a">北京市✹ :</marc:subfield>
            <marc:subfield code="b">社会科学文献出版社</marc:subfield>
        </marc:datafield>
        <marc:datafield tag="880" ind1="1" ind2=" ">
            <marc:subfield code="6">490-04</marc:subfield>
            <marc:subfield code="3">2016- :</marc:subfield>
            <marc:subfield code="a">中原发展研究院智库丛书</marc:subfield>
        </marc:datafield>
        <marc:datafield tag="880" ind1=" " ind2="0">
            <marc:subfield code="6">830-05</marc:subfield>
            <marc:subfield code="a">中原发展研究院智库丛书.</marc:subfield>
        </marc:datafield>
        <marc:datafield tag="880" ind1=" " ind2=" ">
            <marc:subfield code="6">596-00</marc:subfield>
            <marc:subfield code="a">中国国家图书馆赠新加坡国家图书馆管理局[B32553658D].</marc:subfield>
        </marc:datafield>
        <marc:datafield tag="984" ind1=" " ind2=" ">
            <marc:subfield code="a">NLB</marc:subfield>
            <marc:subfield code="c">338.95118 ZYJJQF</marc:subfield>
            <marc:subfield code="d">2016-</marc:subfield>
        </marc:datafield>
        <marc:datafield tag="595" ind1=" " ind2=" ">
            <marc:subfield code="a">UZC3393</marc:subfield>
        </marc:datafield>
        <marc:datafield tag="596" ind1=" " ind2=" ">
            <marc:subfield code="a">Donated by National Library of China [B32553658D].</marc:subfield>
        </marc:datafield>
    </marc:record>
</marc:collection>
